<record><leader>00000cas a22000007a 4500</leader><controlfield tag="001">12075533</controlfield><controlfield tag="008">850524d18841886wiuwr ne      0    0eng d</controlfield><datafield ind1=" " ind2=" " tag="010"><subfield code="a">sn 85040747 </subfield></datafield><datafield ind1=" " ind2=" " tag="040"><subfield code="a">NPV</subfield><subfield code="b">eng</subfield><subfield code="c">NPV</subfield><subfield code="d">OCLCQ</subfield></datafield><datafield ind1=" " ind2=" " tag="042"><subfield code="a">msc</subfield></datafield><datafield ind1=" " ind2=" " tag="045"><subfield code="a">w8w8</subfield></datafield><datafield ind1=" " ind2=" " tag="052"><subfield code="a">4123</subfield><subfield code="b">M3</subfield></datafield><datafield ind1="0" ind2="0" tag="245"><subfield code="a">Pilot and review.</subfield></datafield><datafield ind1=" " ind2=" " tag="260"><subfield code="a">Wausau, Wis. :</subfield><subfield code="b">E.B. Thayer,</subfield><subfield code="c">1884-1886.</subfield></datafield><datafield ind1=" " ind2=" " tag="300"><subfield code="a">3 v.</subfield></datafield><datafield ind1=" " ind2=" " tag="310"><subfield code="a">Weekly</subfield></datafield><datafield ind1="0" ind2=" " tag="362"><subfield code="a">Vol. 19, no. 36 = whole no. 793 (Aug. 19, 1884)-v. 21, no. 28 = whole no. 1120 (June 22, 1886).</subfield></datafield><datafield ind1=" " ind2=" " tag="500"><subfield code="a">Editors: E.B. Thayer.</subfield></datafield><datafield ind1=" " ind2=" " tag="525"><subfield code="a">Supplements accompany some issues.</subfield></datafield><datafield ind1=" " ind2=" " tag="530"><subfield code="a">Available on microfilm from The State Historical Society of Wisconsin.</subfield></datafield><datafield ind1=" " ind2=" " tag="580"><subfield code="a">Issued also in a daily edition: Daily pilot and review, Sept. 1-Nov. 8, 1884.</subfield></datafield><datafield ind1=" " ind2=" " tag="752"><subfield code="a">United States</subfield><subfield code="b">Wisconsin</subfield><subfield code="c">Marathon</subfield><subfield code="d">Wausau.</subfield></datafield><datafield ind1="1" ind2=" " tag="775"><subfield code="t">Daily pilot and review</subfield></datafield><datafield ind1="0" ind2="4" tag="780"><subfield code="t">Wisconsin River pilot</subfield><subfield code="w">(DLC)sn 85033300</subfield></datafield><datafield ind1="0" ind2="4" tag="780"><subfield code="t">Wausau weekly review</subfield><subfield code="w">(DLC)sn 85040755</subfield></datafield><datafield ind1="0" ind2="0" tag="785"><subfield code="t">Pilot review</subfield><subfield code="w">(DLC)sn 85040748</subfield></datafield><datafield ind1="1" ind2=" " tag="029"><subfield code="a">AU@</subfield><subfield code="b">000025804819</subfield></datafield></record>